@inproceedings{Shatz,
	place		= {New York}, 
	booktitle	= {Arithmetic geoemtry},
	title		= {Group Schemes, Formal Groups, and \texorpdfstring{$p$}{p}-Divisible Groups},
	pages		= {29--78},
	publisher	= {Springer}, 
	author		= {Shatz, Stephen S.}, 
	editor		= {Cornell, Gary and Silverman, Joseph H.},
	year		= {1986},
	ISBN		= {978-1-4613-8655-1}
}

@inproceedings{TateMF,
	place		= {New York}, 
	booktitle	= {Modular Forms and Fermat's Last Theorem},
	title		= {Finite Flat Group Schemes},
	pages		= {121--154},
	publisher	= {Springer}, 
	author		= {Tate, John}, 
	editor		= {Cornell, Gary and Silverman, Joseph H.},
	year		= {1998},
	ISBN		= {978-0-387-94609-2}
}

@book{Waterhouse,
	title		= {Introduction to Affine Group Schemes},
	author		= {Waterhouse, William C.},
	isbn		= {9780387904214},
	series		= {Graduate Texts in Mathematics},
	number		= {66},
	year		= {1979},
	publisher	= {Springer}
}

@inproceedings{TatePC,
	place		= {Driebergen},
	booktitle	= {Proceedings of a Conference on Local Fields: NUFFIC Summer School},
	title		= {\texorpdfstring{$p$}{p}-Divisible Groups},
	pages		= {151--183},
	author		= {Tate, John},
	editor		= {Springer, T. A.},
	isbn		= {9783540039532},
	year		= {1967},
	publisher	= {Springer}
}

@article{Vistoli,
	title		= {Notes on Grothendieck topologies, fibered categories and descent theory},
	author		= {Vistoli, Angelo},
	journal		= {arXiv preprint math/0412512},
	year		= {2004}
}

@book{Messing,
	title		= {The Crystals Associated to Barsotti-Tate Groups:
	   with Applications to Abelian Schemes},
	author		= {Messing, William},
	isbn		= {978-3-540-05840-3},
	year		= {1972},
	publisher	= {Springer},
	series		= {Lecture Notes in Mathematics},
	number		= {264}
}

@online{SP,
	author		= {The {Stacks project authors}},
	title		= {The Stacks project},
	url		= {https://stacks.math.columbia.edu},
	year		= {2023},
	shorthand	= {Stacks}
}

@book{MilneAG,
	series		= {Cambridge Studies in Advanced Mathematics},
	title		= {Algebraic Groups: The Theory of Group Schemes of Finite Type over a Field},
	DOI		= {10.1017/9781316711736},
	publisher	= {Cambridge University Press},
	author		= {Milne, J. S.},
	year		= {2017},
	series		= {Cambridge Studies in Advanced Mathematics},
	number		= {170}
}

@article{EGA,
	author		= {Dieudonn{\'e}, Jean and Grothendieck, Alexander},
	title		= {\'{E}l\'ements de g\'eom\'etrie alg\'ebrique~: I. Le langage des sch\'emas},
%	journal		= {Inst. Hautes \'Etudes Sci. Publ. Math.},
	journal		= {Publications Mathématiques de l'Institut des Hautes Études Scientifiques},
	volume		= {4}, 
	pages		= {5--228},
	year		= {1960},
	url		= {http://www.numdam.org/item/PMIHES_1960__4__5_0/},
	shorthand	= {EGA}
}

@BOOK{Berthelot,
	author		= {Berthelot, Pierre and Ogus, Arthur},
	title		= {Notes on crystalline cohomology},
	publisher	= {Princeton University Press, Princeton, N.J.; University of Tokyo Press, Tokyo},
	year		= {1978},
	pages		= {vi+243},
	isbn		= {0-691-08218-9}
}

@book{SGA3-1,
	title		= {Sch\'emas en Groupes. 
	   S\'eminaire de G\'eom\'etrie Alg\'ebrique du Bois Marie -- 1962-64 -- (SGA 3)},
	author		= {Demazure, Michel and Grothendieck, Alexander},
	publisher	= {Springer},
	isbn		= {9783540051794},
	year		= {1970},
	series		= {Lecture Notes in Mathematics 151},
	volume		= {1: Propri\'et\'es G\'en\'erales des Sch\'emas en Groupes},
	shorthand	= {SGA3-1}
}

@book{Weibel,
	title		= {An introduction to homological algebra},
	author		= {Weibel, Charles A.},
	publisher	= {Cambridge University Press},
	isbn 		= {9780521435000},
	year		= {1994},
	series		= {Cambridge studies in advanced mathematics},
	number		= {38}
}

@inproceedings{Kisin,
	booktitle	= {Algebraic Geometry and Number Theory:
	      In Honor of Vladimir Drinfeld's 50th Birthday},
	editor		= {ginzburg, victor},
	title		= {Crystalline representations and \texorpdfstring{$F$}{F}-crystals},
	author		= {Kisin, Mark},
	pages		= {459--496},
	isbn		= {9780817645328},
	series		= {Progress in Mathematics},
	year		= {2007},
	publisher	= {Birkh{\"a}user Boston}
}

@article{deJong,
	title		= {Crystalline Dieudonn\'e module theory via formal and rigid geometry},
	author		= {de Jong, A. J.},
	journal		= {Publications Mathématiques de l'Institut des Hautes Études Scientifiques},
	year		= {1995},
	pages		= {5--96},
	volume		= {82}
}

@book{Serre,
	title		= {Local Fields},
	author		= {Serre, Jean-Pierre and Greenberg, Marvin J.},
	publisher	= {Springer},
	isbn		= {9780387904245},
	year		= {1980},
	series		= {Graduate Texts in Mathematics},
	number		= {67},
	edition		= {2nd edition}
}

@misc{Brinon,
	author		= {Brinon, Olivier and Conrad, Brian},
	title		= {CMI Summer School Notes on p-Adic Hodge Theory},
	year		= {2009}
}

@book{Fontaine,
	editor		= {Fontaine, Jean-Marc},
	title		= {P\'eriodes \texorpdfstring{$p$}{p}-adiques - S\'eminaire de Bures, 1988},
	author		= {Fontaine, Jean-Marc},
	series		= {Ast\'erisque},
	publisher	= {Soci\'et\'e math\'ematique de France},
	number		= {223},
	year		= {1994},
	pages		= {59--103},
	url		= {http://www.numdam.org/item/AST_1994__223_/}
}

@article{Faltings,
	title		= {Integral crystalline cohomology over very ramified valuation rings},
	author		= {Faltings, Gerd},
	journal		= {Journal of the American Mathematical Society},
	year		= {1999},
	volume		= {12},
	pages		= {117--144}
}

@book{Hartshorne,
	title		= {Algebraic geometry},
	author		= {Hartshorne, Robin},
	publisher	= {Springer},
	isbn		= {9780387902449},
	year		= {1977},
	series		= {Graduate Texts in Mathematics},
	number		= {52}
}

@book{Liu,
	title		= {Algebraic geometry and arithmetic curves},
	author		= {Liu, Qing},
	publisher	= {Oxford University Press},
	isbn		= {9780191547805},
	year		= {2006},
	series		= {Oxford graduate texts in mathematics},
	number		= {6}
}
